@article{LHCMachine,
	author = 	"Lyndon Evans and Philip Bryant",
	title = 	"{LHC} {M}achine",
	journal = 	"JINST",
	volume = 	"3",
	number = 	"S08001",
	pages = 	"",
	year = 	"2008"
}

@misc{LHCLayout,
	author = 	"Julie Haffner",
	title = 	"The {CERN} accelerator complex",
	year = 	"2013"
}

@article{CMSTracker,
	author = 	{{CMS Collaboration}},
	title = 	"{CMS} {T}echnical {D}esign {R}eport for the {P}ixel {D}etector {U}pgrade",
	number = 	"CERN-LHCC-2012-016",
	pages = 	"",
	year = 	"2012"
}

@article{CMSExperiment,
	author = 	{{CMS Collaboration}},
	title = 	"The {CMS} experiment at the {CERN} {LHC}",
	journal =       "JINST",
	volume =       "3",
	number = 	"S08004",
	pages = 	"",
	year = 	"2008"
}

@article{CMSECAL,
	author = 	{{CMS Collaboration}},
	title = 	"The {e}lectromagnetic {C}alorimeter {T}echnical {D}esign {R}eport",
	number = 	"CERN-LHCC-97-033, CMS-TDR-4",
	pages = 	"",
	year = 	"1997"
}

@article{TrackReco,
	author = 	{{CMS Collaboration}},
	title = 	"Description and performance of track and primary-vertex reconstruction with the {CMS} tracker",
	journal = 	"JINST",
	volume =      "9",
	pages = 	"",
	year = 	"2014"
}

@article{PFAlgorithmOld,
	author = 	"Florian Beaudette",
	title = 	"The {CMS} {P}article {F}low {A}lgorithm",
	journal =       "Proceedings of the International Conference on Calorimetery for the High Energy Frontier",
	pages = 	"295-304",
	year = 	"2013"
}

@article{PFReconstruction,
	author = 	{{CMS Collaboration}},
	title = 	"Particle-{F}low {E}vent {R}econstruction in {CMS} and {P}erformance for {J}ets, {T}aus, and ${E}_{T}^{miss}$",
	journal =       "CMS-PAS-PFT-09-001",
	year = 	"2009"
}

@article{KalmanFilter,
	author = 	"Rudolf Fruhwirth",
	title = 	"Application of {K}alman filtering to track and vertex fitting",
	journal =       "Nucl. Instrum. Meth.",
	volume =       "A262",
	pages = 	"444-450",
	year = 	"1987"
}

@article{GausSumFilter,
	author = 	"W. Adam and R. Fruhwirth and A. Strandlie and T. Todorov",
	title = 	"Reconstruction of electrons with the {G}aussian-sum filter in the {CMS} tracker at the {LHC}",
	journal =       "Journal of Physics G: Nuclear and Particle Physics",
	volume =       "31",
	number = 	"9",
	pages = 	"",
	year = 	"2005"
}

@article{PFAlgorithm,
      author         = "Sirunyan, A. M. and others",
      title          = "Particle-flow reconstruction and global event description with the CMS detector",
      collaboration  = "CMS",
      journal     = "JINST",
      volume    = "12",
      year         = "2017",
      pages      = "P10003",
      doi           = "10.1088/1748-0221/12/10/P10003",
      eprint         = "1706.04965",
      archivePrefix  = "arXiv",
      primaryClass   = "physics.ins-det",
      reportNumber   = "CMS-PRF-14-001, CERN-EP-2017-110",
      SLACcitation   = "%%CITATION = ARXIV:1706.04965;%%",
}

@article{CMOSXrayRadiation,
	author = 	"S. Bonancini and P. Valerio and R. Avramidou and R. Ballabriga and F. Faccio and K. Kloukinas and A. Marchioro",
	title = 	"Characterization of a commercial 65 nm {CMOS} technology for {SLHC} applications",
	journal =       "JINST",
	volume =       "7",
	number = 	"P01015",
	pages = 	"",
	year = 	"2012"
}

@article{CMOSRadiation,
	author = 	"M. Krohn and B. Bentele and D.C Christian and J.P. Cumalat and G. Deptuch and F. Fahim and J. Hoff and A. Shenai and S.R. Wagner",
	title = 	"Radiation tolerance of 65 nm {CMOS} transistors",
	journal =       "JINST",
	volume =       "10",
	number = 	"P12007",
	pages = 	"",
	year = 	"2015"
}

@book{QuadraticMethod,
	author = 	"Dieter K. Schroeder",
	title = 	"Semiconductor Material and Device Characterization",
	address = 	"New York",
	publisher = 	"Wiley-IEEE Press",
	year = 	"1998"
}

@online{CMOSLayout,
	author = {Phys Org},
	title = "Breaking the performance barrier of 22-nm {CMOS} technology",
	year = 2008,
	howpublished = {\url{https://phys.org/news/2008-02-barrier-nm-cmos-technology.html}},
	urldate = {2008-02-19}
}

@article{TIDEffects,
	author = 	"Timothy R. Oldham",
	title = 	"Basic {M}echanisms of {TID} and {DDD} {R}esponse in {MOS} and {B}ipolar {M}icroelectronics",
	journal =       "GSFC Radiation Effects and Analysis Group",
	volume =       "",
	number = 	"",
	pages = 	"",
	year = 	"2011"
}

@article{LeakageCurrent,
	author = 	"Federico Faccio and Giovanni Cervelli",
	title = 	"Radiation-{I}nduced {E}dge {E}ffects in {D}eep {S}ubmicron {CMOS} {T}ransistors",
	journal =       "IEEE Transactions on Nuclear Science",
	volume =       "52",
	number = 	"6",
	pages = 	"2413-2420",
	year = 	"2005"
}

@article{RINCE,
	author = 	"F. Faccio and S. Michelis and D. Cornale and A. Paccagnella and S. Gerardin",
	title = 	"Radiation-{I}nduced {S}hort {C}hannel ({RISCE}) and {N}arrow {C}hannel ({RINCE}) {E}ffects in 65 and 130 nm {MOSFET}s",
	journal =       "IEEE Transactions on Nuclear Science",
	volume =       "62",
	number = 	"6",
	pages = 	"2933-2940",
	year = 	"2015"
}

online{SM,
	author = 	"Rashmi Shivni",
	title = 	"This is the closest thing we have to a master equation of the universe",
	year = 	"2017",
	howpublished = {\url{http://www.businessinsider.com/standard-model-physics-master-equation-2017-6/}},
	urldate = "2017-06-27"
}

@online{SM,
	author = 	"Science Node",
	title = 	"{A standard infographic of the SM}",
	publisher =        "Wikimedia Commons",
	howpublished = {\url{https://sciencenode.org/img/Standard_model_infographic.png/}},
	year = "2014",
	month = "April"
}


@article{BEmechanism,
	author = 	"F. Englert and R. Brout",
	title = 	"Broken {S}ymmetry and the {M}ass of {G}auge {V}ector {M}esons",
	journal =       "Phys. Rev. Lett.",
	volume =       "13",
	pages = 	"321-323",
	year = 	"1964"
}

@article{Hmechanism,
	author = 	"P. W. Higgs",
	title = 	"Broken {S}ymmetries and the {M}ass of {G}auge {B}esons",
	journal =       "Phys. Rev. Lett.",
	volume =       "13",
	pages = 	"508-509",
	year = 	"1964"
}

@article{GoldstoneThm,
	author = 	"J. Goldstone",
	title = 	"Field theories with << {S}uperconductor >> solutions",
	journal =       "Il Nuovo Cimento",
	volume =       "19",
	number = 	"154",
	year = 	"1961"
}

@article{ATLASHiggs,
	author = 	"{ATLAS} {C}ollaboration",
	title = 	"Observation of a new particle in the search for the {S}tandard {M}odel {H}iggs boson with the {ATLAS} detector at the {LHC}",
	journal =       "Phys. Lett. B",
	volume =       "716",
	number = 	"1",
	year = 	"2012"
}

@article{CMSHiggs,
	author = 	"{CMS} {C}ollaboration",
	title = 	"Observation of a new boson at a mass of 125 {G}e{V} with the {CMS} experiment at the {LHC}",
	journal =       "Phys. Lett. B",
	volume =       "716",
	number = 	"30",
	year = 	"2012"
}

@article{CombinedHiggs,
	author = 	"{ATLAS} and {CMS} {C}ollaboration",
	title = 	"Combined {M}easurement of the {H}iggs {B}oson {M}ass in pp {C}ollisions at $\sqrt{s}=7$ and $8$ {T}e{V} with the {ATLAS} and {CMS} {E}xperiments",
	journal =       "Phys. Rev. Lett.",
	volume =       "114",
	number = 	"191803",
	year = 	"2015"
}

@article{ATLASHiggsProperties,
	author = 	"{ATLAS} {C}ollaboration",
	title = 	"Measurements of the {H}iggs boson production and decay rates and coupling strengths using pp data at $\sqrt{s}=7$ and $8$ {T}e{V} in the {ATLAS} {E}xperiment",
	journal =       "Eur. Phys. J.",
	volume =       "C 76",
	number = 	"6",
	year = 	"2016"
}

@article{CMSHiggsProperties,
	author = 	"{CMS} {C}ollaboration",
	title = 	"Precise determination of the mass of the {H}iggs boson and tests of compatibility of its couplings with the standard model predicitons using proton collisions at 7 and 8 {T}e{V}",
	journal =       "Eur. Phys. J.",
	volume =       "C 75",
	number = 	"212",
	year = 	"2015"
}

@book{DiHiggsXsec,
	author = 	"{LHC} {H}iggs {C}ross {S}ection {W}orking {G}roup",
	title = 	"Handbook of {LHC} {H}iggs {C}ross {S}ections: 4. {D}eciphering the {N}ature of the {H}iggs {S}ector",
	volume =       "CERN-2017-002-M",
	year = 	"2017"
}

@article{DiHiggsTheory,
	author = 	"J. Baglio et. al.",
	title = 	"The measurement of the {H}iggs self-coupling at the {LHC}: theoretical status",
	journal =       "JHEP",
	volume =       "04",
	number = 	"151",
	year = 	"2013"
}

@article{JetMass,
	author = "M. Dasgupta and A. Fregoso and S. Marzani and G. P. Salam",
	title = "Towards an understanding of jet substructure",
	journal = "JHEP",
	volume = "09",
	number = "029",
	year = "2013"
}

@article{SoftDrop,
	author = "A. J. Larkoski and S. Marzani and G. Soyez and J. Thaler",
	title = "Soft drop",
	journal = "JHEP",
	volume = "05",
	number = "146",
	year = "2014"
}

@article{BoostNsub,
	author = "J. Thaler and K. Van Tilburg",
	title = "Identifying {B}oosted {O}bjects with {N}-subjettiness",
	journal = "JHEP",
	volume = "03",
	number = "093",
	year = "2011"
}

@article{BoostTop,
	author = "J. Thaler and K. Van Tilburg",
	title = "Maximizing {B}oosted {T}op {I}dentification by {M}inimizing {N}-subjettiness",
	journal = "JHEP",
	volume = "03",
	number = "093",
	year = "2012"
}

@techreport{DoubleB,
	title = "{Identification of double-b quark jets in boosted event topologies}",
	institution = "CERN",
	author = "{CMS Collaboration}",
	collaboration = "CMS",
	number = "CMS-PAS-BTV-15-002",
	year = "2016",
	url = "https://cds.cern.ch/record/2195743",
	type = "CMS Physics Analysis Summary",
}

@article{MADGRAPH,
	author = "J. Alwall et al.",
	title = "The automated computation of tree-level and next-to-leading order differential cross sections, and their matching to parton shower simulations",
	journal = "JHEP",
	volume = "07",
	number = "079",
	year = "2014"
}

@article{PDFs,
	author = "NNPDF Collaboration",
	title = "Parton distributions for the {LHC} {R}un {II}",
	journal = "JHEP",
	volume = "04",
	number = "040",
	year = "2015"
}

@article{PDF2,
	author = "L. A. Harland-Lang and A. D. Martin and P. Motylinski and R. S. Thorne",
	title = "Parton distributions in the {LHC} era: {MMHT} 2014 {PDFs}",
	journal = "Eur. Phys. J. C",
	volume = "75",
	number = "204",
	year = "2015"
}

@article{PDF3,
	author = "A. Buckley et al.",
	title = "{LHAPDF6}: parton density access in the {LHC} precision era",
	journal = "Eur. Phys. J. C",
	volume = "75",
	number = "132",
	year = "2015"
}

@article{PDF4,
	author = "S. Carrazza and J. I. Latorre and J. Rojo and G. Watt",
	title = "A compression algorithm for the combination of {PDF} sets",
	journal = "Eur. Phys. J. C",
	volume = "75",
	number = "474",
	year = "2015"
}

@article{PDF5,
	author = "J. Butterworth et al.",
	title = "{PDF4LHC} recommendations for {LHC} {R}un {II}",
	journal = "J. Phys. G",
	volume = "43",
	number = "023001",
	year = "2016"
}

@article{Pythia,
	author = "T. Sj{\"o}strand et al.",
	title = "{An Introduction to PYTHIA 8.2}",
	journal = "Comput. Phys. Commun",
	volume = "191",
	number = "159",
	year = "2015"
}

@article{EE5C,
	author = "S. Gieseke and C. Rohr and A. Siodmok",
	title = "{Colour reconnections in Herwig++}",
	journal = "Eur. Phys. J. C",
	volume = "72",
	number = "225",
	year = "2012"
}

@article{CUET,
	author = "CMS Collaboration",
	title = "{Event generator tunes obtained from underlying event and multiparton scattering measurements}",
	journal = "Eur. Phys. J. C",
	volume = "76",
	number = "115",
	year = "2016"
}

@article{POWHEG,
	author = "S. Frixione and G. Ridolfi and P. Nason",
	title = "{A postive-weight next-to-leading-order monte carlo for heavy flavour hadroproduction}",
	journal = "JHEP",
	volume = "09",
	number = "126",
	year = "2007"
}

@article{POWHEG2,
	author = "S. Frixione and P. Nason and C. Oleari",
	title = "{Matching NLO QCD computations with Parton Shower simulations: the POWHEG method}",
	journal = "JHEP",
	volume = "11",
	number = "070",
	year = "2007"
}

@article{POWHEG3,
	author = "S. Alioli and P. Nason and C. Oleari and E. Re",
	title = "{A general framework for implementing NLO calculations in shower Monte Carlo programs: the POWHEG BOX}",
	journal = "JHEP",
	volume = "06",
	number = "043",
	year = "2010"
}

@article{GEANT4,
	author = "GEANT4 Collaboration",
	title = "{GEANT4--a simulation toolkit}",
	journal = "Nucl. Instrum. Meth. A",
	volume = "506",
	number = "250",
	year = "2003"
}

@article{GEANT42,
	author = "J. Allison et al.",
	title = "{Geant4 developments and applications}",
	journal = "IEEE Trans. Nucl. Sci.",
	volume = "53",
	number = "270",
	year = "2006"
}

@article{antikt,
	author = "M. Cacciari and G. P. Salam and G. Soyez",
	title = "{The anti-$k_{t}$ jet clustering algorithm}",
	journal = "JHEP",
	volume = "04",
	number = "063",
	year = "2008"
}

@article{FastJet,
	author = "M. Cacciari and G. P. Salam and G. Soyez",
	title = "{FastJet user manual}",
	journal = "Eur. Phys. J. C",
	volume = "72",
	number = "1896",
	year = "2012"
}

@article{PUPPI,
	author = "D. Bertolini and P. Harris and M. Low and N. Tran",
	title = "{Pileup per particle identification}",
	journal = "JHEP",
	volume = "10",
	number = "059",
	year = "2014"
}

@article{JEC,
	author = "CMS Collaboration",
	title = "{Jet enery scale and resolution in the CMS experiment in pp collisions at 8 TeV}",
	journal = "JINST",
	volume = "12",
	number = "P02014",
	year = "2017"
}

@techreport{JEC2,
	title = "{Jet enery scale and resolution performance with 13 TeV data}",
	institution = "CERN",
	author = "{CMS Collaboration}",
	collaboration = "CMS",
	number = "CMS-DP-2016-020",
	year = "2016",
	type = "CMS Detector Performance Summary",
}

@article{JetGrooming,
	author = "G. P. Salam",
	title = "{Towards jetography}",
	journal = "Eur. Phys. J. C",
	volume = "67",
	number = "637",
	year = "2010"
}

@article{SDMass,
	author = "M. Dasgupta and A. Fregoso and S. Marzani and G. P. Salam",
	title = "{Towards an understanding of jet substructure}",
	journal = "JHEP",
	volume = "09",
	number = "029",
	year = "2013"
}

@techreport{SDCorr,
	title = "{Jet algorithms performance in 13 TeV data}",
	institution = "CERN",
	author = "{CMS Collaboration}",
	collaboration = "CMS",
	number = "CMS-PAS-JME-16-003",
	year = "2017",
	type = "CMS Physics Analysis Summary",
}

@article{kTCluster,
	author = "S. Catani and Y. L. Dokshitzer and M. H. Seymour and B. R. Webber",
	title = "{Longitudinally invariant $K_{t}$ clustering algorithms for hadron hadron collisions}",
	journal = "Nucl. Phys. B",
	volume = "406",
	number = "187",
	year = "1993"
}

@article{kTCluster2,
	author = "S. D. Ellis and D. E. Soper",
	title = "{Successive combination jet algorithm for hadron collisions}",
	journal = "Phys. Rev. D",
	volume = "48",
	number = "3160",
	year = "1993"
}

@techreport{CMS-PAS-B2G-16-008,
	title = "{Search for heavy resonances decaying to a pair of Higgs bosons in four b quark final state in proton-proton collisions at $sqrt{s}=13$ TeV}",
	institution = "CERN",
	author = "{CMS Collaboration}",
	collaboration = "CMS",
	number = "CMS-PAS-B2G-16-008",
	year = "2016",
	type = "CMS Physics Analysis Summary",
}

article{Khachatryan:2015year,
	author = "CMS Collaboration",
	title = "{Search for resonant pair production of Higgs bosons decaying to two bottom quark-antiquark pairs in proton-proton collisions at 8 TeV}",
	journal = "Phys. Lett. B",
	volume = "749",
	number = "560",
	year = "2015"
}

@book{FTest,
	author = 	"R. G. Lomax and D. L. Hahs-Vaighn",
	title = 	"Statistical concepts: a second course",
	address = 	"Hoboken, NJ",
	publisher = 	"Taylor and Francis",
	year = 	"2012"
}

@techreport{Lumi,
	title = "{CMS Luminosity Measurement for the 2016 Data Taking Period}",
	institution = "CERN",
	author = "{CMS Collaboration}",
	collaboration = "CMS",
	number = "CMS-PAS-LUM-17-001",
	year = "2017",
	type = "CMS Physics Analysis Summary",
}

@article{PDFUncertinty,
	author = "J. Butterworth et al.",
	title = "{PDF4LHC recommendations for LHC Run II}",
	journal = "J. Phys. G",
	volume = "43",
	number = "023001",
	year = "2016"
}

@article{CT14,
	author = "S. Dulat et al.",
	title = "{Parton distribution functions from a global analysis of quantum chromodynamics}",
	journal = "Phys. Rev. D",
	volume = "93",
	number = "033006",
	year = "2016"
}

@article{MMHT,
	author = "L. A. Harland-Lang and A. D. Martin and P. Motylinski and R. S. Thorne",
	title = "{Parton distributions in the LHC era: MMHT 2014 PDFs}",
	journal = "Eur. Phys. J",
	volume = "C75",
	number = "204",
	year = "2015"
}

@article{NNPDF,
	author = "NNPDF Collaboration",
	title = "{Parton distributions in the LHC Run II}",
	journal = "JHEP",
	volume = "04",
	number = "040",
	year = "2015"
}

@article{Barlow,
	author = "R. Barlow and C. Beeston",
	title = "{Fitting using finite Monte Carlo samples}",
	journal = "Comput. Phys. Commun.",
	volume = "77",
	number = "219",
	year = "1993"
}

@article{CLs,
	author = "A. L. Read",
	title = "{Presentation of search results: The $CL_{s}$ technique}",
	journal = "J. Phys. G",
	volume = "28",
	number = "2693",
	year = "2002"
}

@article{CLs2,
	author = "T. Junk",
	title = "{Confidence level computation for combining searches with small statistics}",
	journal = "Nucl. Instrum. Meth. A",
	volume = "434",
	number = "435",
	year = "1999"
}

@article{CLs3,
	author = "G. Cowan and K. Cranmer and E. Gross and O. Vitells",
	title = "{Asymptotic formulae for likelihood-based tests of new physics}",
	journal = "Eur. Phys. J. C",
	volume = "71",
	number = "1554",
	year = "2011"
}

@article{HiggsProperties,
	author = "ATLAS and CMS Collaborations",
	title = "{Measurements of the Higgs boson production and decay rates and constraints on its couplings from a combined ATLAS and CMS analysis of the LHC pp collision data a $sqrt{s}=7$ and 8 TeV}",
	journal = "JHEP",
	volume = "08",
	number = "045",
	year = "2016"
}

@article{RS,
	author = "L. Randall and R. Sundrum",
	title = "{A large mass hierarchy from a small extra dimension}",
	journal = "Phys. Rev. Lett.",
	volume = "83",
	number = "3370",
	year = "1999"
}

@article{Radion,
	author = "W. D. Goldberger and M. B. Wise",
	title = "{Modulus stabilization with bulk fields}",
	journal = "Phys. Rev. Lett.",
	volume = "83",
	number = "4922",
	year = "1999"
}

@article{Radion2,
	author = "C. Csaki and M. Graesser and L. Randall and J. Terning",
	title = "{Cosmology of brane models with radion stabilization}",
	journal = "Phys. Rev. D",
	volume = "62",
	number = "045015",
	year = "2000"
}

@article{Radion3,
	author = "C. Csaki and M. Graesser and G. D Kribs",
	title = "{Radion dynamics and electroweak physics}",
	journal = "Phys. Rev. D",
	volume = "63",
	number = "065002",
	year = "2001"
}

@article{Graviton,
	author = "H. Davoudiasl and J. L. Hewett and T. G. Rizzo",
	title = "{Phenomenology of the Randall-Sundrum Gauge Hierarchy Model}",
	journal = "Phys. Rev. Lett.",
	volume = "84",
	number = "2080",
	year = "2000"
}

@article{Graviton2,
	author = "O. DeWolfe and D. Z. Freedman and S. S. Gubser and A. Karch",
	title = "{Modeling the fifth dimension with scalars and gravity}",
	journal = "Phys. Rev. D",
	volume = "62",
	number = "046008",
	year = "2000"
}

@article{Graviton3,
	author = "K. Agashe and H. Davoudiasl and G. Perez and A. Soni",
	title = "{Warped gravitoins at the LHC and beyond}",
	journal = "Phys. Rev. D",
	volume = "76",
	number = "036006",
	year = "2007"
}

@article{WEDuvCutoff,
	author = "G. F. Giudice and R. Rattazzi and J. D. Wells",
	title = "{Graviscalars from higher dimensional metrics and curvature Higgs mixing}",
	journal = "Nucl. Rev. B",
	volume = "595",
	number = "250",
	year = "2001"
}

@article{RadionHMixing,
	author = "D. Dominici and B. Grzadkowski and J. F. Gunion and M. Toharia",
	title = "{The scalar sector of the Randall-Sundrum model}",
	journal = "Nucl. Rev. B",
	volume = "671",
	number = "243",
	year = "2003"
}

@article{GravitionXS,
	author = "A. Oliveira and R. Rosenfeld",
	title = "{Hidden sector effects on double higgs production near threshold at the LHC}",
	journal = "Phys. Lett. B",
	volume = "702",
	number = "201",
	year = "2011"
}

@article{RadionXS,
	author = "V. Barger and M. Ishida",
	title = "{Randall-Sundrum Reality at the LHC}",
	journal = "Phys. Lett. B",
	volume = "709",
	number = "185",
	year = "2012"
}

@article{HiggsSinglet,
	author = "R. Schabinger and J. D. Wells",
	title = "{A Minimal Spontaneously Broken Hidden Sector and its Impact on Higgs Boson Physics at the Large Hadron Collider}",
	journal = "Phys. Rev. D",
	volume = "72",
	number = "093007",
	year = "2005"
}

@article{HiggsSingletPheno,
	author = "T. Robens and T. Stefaniak",
	title = "{Status of the Higgs Singlet Extension of the Standard Model after LHC Run 1}",
	journal = "Eur. Phys. J. C",
	volume = "75",
	number = "105",
	year = "2015"
}

@article{GMmodel,
	author = "H. Georgi and M. Machacek",
	title = "{Doubly charged Higgs bosons}",
	journal = "Nucl. Phys. B",
	volume = "262",
	number = "463",
	year = "1985"
}

@article{GMmodelPheno,
	author = "J. Chang C. Chen and C. Chiang",
	title = "{Higgs boson pair productions in the Georgi-Machacek model at the LHC}",
	journal = "JHEP",
	volume = "03",
	number = "137",
	year = "2017"
}

@article{ATLAS_HH_GGbb,
	author = "ATLAS Collaboration",
	title = "{Search for Higgs boson pair production in the $\gamma\gamma b\bar{b}$ final state using $pp$ collision data at $\sqrt{s}=8$ TeV from the ATLAS detector}",
	journal = "Phys. Rev. Lett.",
	volume = "114",
	number = "081802",
	year = "2015"
}

@article{ATLAS_HH_bbbb,
	author = "ATLAS Collaboration",
	title = "{Search for Higgs boson pair production in the $b\bar{b} b\bar{b}$ final state using $pp$ collisions at $\sqrt{s}=8$ TeV with the ATLAS detector}",
	journal = "Eur. Phys. J. C",
	volume = "75",
	number = "412",
	year = "2015"
}

@article{ATLAS_HH_Combined,
	author = "ATLAS Collaboration",
	title = "{Search for Higgs boson pair production in the $hh\rightarrow b\bar{b}\tau\tau$, $\gamma\gamma WW^{\ast}$, $\gamma\gamma bb$, $ bbbb$ channels with the ATLAS detector}",
	journal = "Phys. Rev. D",
	volume = "92",
	number = "092004",
	year = "2015"
}

@article{CMS_HH_bbbb,
	author = "CMS Collaboration",
	title = "{Search for resonant pair production of Higgs bosons decaying to two bottom quark-antiquark pairs in proton-proton collisions at 8 TeV}",
	journal = "Phys. Lett. B",
	volume = "749",
	number = "560",
	year = "2015"
}

@article{CMS_HH_tttt,
	author = "CMS Collaboration",
	title = "{Search for a heavy scalar boson H decaying to a pair of Higgs bosons hh or for a heavy pseudoscalar boson A decaying to Zh, in the final states with $h\rightarrow \tau\tau$}",
	journal = "Phys. Lett. B",
	volume = "755",
	number = "217",
	year = "2016"
}

@article{CMS_HH_GGbb,
	author = "CMS Collaboration",
	title = "{Search for two Higgs bosons in final states containing two photons and two bottom quarks in proton-proton collisions at 8 TeV}",
	journal = "Phys. Rev. D",
	volume = "94",
	number = "052012",
	year = "2016"
}

@article{CMS_HH_bbbb2,
	author = "CMS Collaboration",
	title = "{Search for heavy resonances decaying to two Higgs bosons in final states containing four b quarks}",
	journal = "Eur. Phys. J. C",
	volume = "76",
	number = "371",
	year = "2016"
}

@techreport{QCDJetMass,
	title = "{Pileup Removal Algorithms}",
	institution = "CERN",
	author = "{CMS Collaboration}",
	collaboration = "CMS",
	number = "CMS-PAS-JME-14-001",
	year = "2014",
	type = "CMS Physics Analysis Summary",
}

@article{BoostedWid,
	author = "CMS Collaboration",
	title = "{Identification techniques for highly boosted W bosons that decay into hadrons}",
	journal = "JHEP",
	volume = "1412",
	number = "017",
	year = "2014"
}

@techreport{HLLHC,
	title = "{Technical Proposal for the Phase-II Upgrade of the CMS Detector}",
	institution = "CERN",
	author = "{CMS Collaboration}",
	collaboration = "CMS",
	number = "CERN-LHCC-2015-010",
	year = "2015",
}

@techreport{PixelResolution,
	title = "{CMS Pixel Detector 2015 Offline Performance Results - For LHC Commitee Meeting}",
	author = "{Viktor Veszpremi}",
	year = "2015",
}

@article{BTagging,
	author = "CMS Collaboration",
	title = "{Identification of b-quark jets with the CMS experiment in the LHC Run 2}",
	institution = "CERN",
	collaboration = "CMS",
	number = "CMS-PAS-BTV-15-001",
	year = "2016"
}




















